%% This BibTeX bibliography file was created using BibDesk.
%% http://bibdesk.sourceforge.net/

%% Saved with string encoding Unicode (UTF-8) 

@book{griersonRH,
	Author = {SofrecomEquipe},
	Date-Added = {2012-09-27 13:06:21 +0100},
	Date-Modified = {2012-09-27 13:06:21 +0100},
	Publisher = {Sofrecom Website},
	Title = {Sofrecom The Know-How Network},
	Year = {2012}}

@article{microservices.io,
	Author = {Chris Richardson},
	Date-Added = {2016-05-2 13:06:21 +0100},
	Date-Modified = {2016-05-2 13:06:21 +0100},
	Publisher = {microservices.io},
	Title = {Pattern: API Gateway / Backend for Front-End},
	Year = {2016}}

@article{cakesolutions,
	Author = {Petr Zapletal},
	Date-Added = {2016-05-2 13:06:21 +0100},
	Date-Modified = {2016-05-2 13:06:21 +0100},
	Publisher = {cakesolutions},
	Title = {Comparison of Apache Stream Processing Frameworks: Part 2},
	Year = {2016}}

@article{martinfowler,
	Author = {Martin Fowler},
	Date-Added = {2011-11-16 13:06:21 +0100},
	Date-Modified = {2011-11-16 13:06:21 +0100},
	Publisher = {martinfowler},
	Title = {PolyglotPersistence},
	Year = {2011}}

@article{jamesserra,
	Author = {James Serra},
	Date-Added = {2015-07-1 13:06:21 +0100},
	Date-Modified = {2015-07-1 13:06:21 +0100},
	Publisher = {jamesserra},
	Title = {What is Polyglot Persistence?},
	Year = {2014}}

@article{infoq,
	Author = {Abhishek Sharma},
	Date-Added = {2014-07-27 13:06:21 +0100},
	Date-Modified = {2015-05-27 13:06:21 +0100},
	Publisher = {infoq},
	Title = {Apache Kafka: Next Generation Distributed Messaging System},
	Year = {2014}}

@article{linkedin,
	Author = {Kumar Sahu},
	Date-Added = {2015-07-14 13:06:21 +0100},
	Date-Modified = {2015-07-14 13:06:21 +0100},
	Publisher = {linkedin},
	Title = {A Real Comparison Of NoSQL Databases HBase, Cassandra and MongoDB},
	Year = {2015}}

@article{softwaremill,
	Author = {Adam Warski},
	Date-Added = {2014-07-27 13:06:21 +0100},
	Date-Modified = {2015-05-27 13:06:21 +0100},
	Publisher = {softwaremill},
	Title = {Evaluating persistent, replicated message queues},
	Year = {2015}}

@article{SofrecomWebsite,
	Author = {Sofrecom Equipe},
	Date-Added = {2012-09-27 13:06:21 +0100},
	Date-Modified = {2012-09-27 13:06:21 +0100},
	Publisher = {Sofrecom Website},
	Title = {Sofrecom The Know-How Network},
	Year = {2012}}

@article{VoltDBPresentation,
	Author = {VoltDB},
	Title = {The State of Streaming Analytics: The Need for Speed and Scale},
	Year = {Sep 25, 2015}}

@article{mjones01,
	Author = {M. Jones and N. Smirnoff},
	Date-Added = {2012-09-27 13:06:21 +0100},
	Date-Modified = {2012-09-27 13:06:21 +0100},
	Journal = {J. of Exp. Bot.},
	Number = {15},
	Pages = {4269--4275},
	Title = {Nuclear dynamics during the simultaneous and sustained tip growth of multiple root hairs arising from a single root epidermal cell},
	Volume = {57},
	Year = {2006}}

@article{massuci01,
	Author = {J. D. Masucci and J. W. Schiefelbein},
	Date-Added = {2012-09-19 08:40:38 +0100},
	Date-Modified = {2012-09-25 20:03:04 +0100},
	Journal = {Plant. Physiol.},
	Pages = {1335-1346},
	Title = {The rhd6 Mutation of Arabidopsis thaliana Alters Root-Hair Initiation trhough an Auxin- and Ethylene-Associated Process},
	Volume = {106},
	Year = {1994}}

@article{payne01,
	Author = {R.J.H. Payne and C.S. Grierson},
	Date-Added = {2011-06-09 15:48:34 +0100},
	Date-Modified = {2012-03-05 18:44:58 +0100},
	Journal = {PLoS ONE},
	Number = {12},
	Pages = {e8337. doi:10.1371/journal.pone.0008337},
	Title = {A theoretical model for ROP localisation by auxin in arabidopsis root hair cells},
	Volume = {4},
	Year = {2009}}

@article{rigas01,
	Author = {S. Rigas and G. Debrosses and K. Haralampidis and F. Vicente-Angulo and K. A. Feldman and A. Grabov and L. Dolan and P. Hatzpoulos},
	Date-Added = {2012-09-19 08:28:34 +0100},
	Date-Modified = {2012-09-19 08:30:59 +0100},
	Journal = {The Plant Cell},
	Pages = {139--151},
	Title = {TRH1 Encondes a Potassium Transporter REquired for Tip Growth in Arabidopsis Root Hairs},
	Volume = {13},
	Year = {2001}}
